<record><leader>00000cas a2200000 a 4500</leader><controlfield tag="001">56748385</controlfield><controlfield tag="008">041015d19591968orucr ne      0    0eng c</controlfield><datafield ind1=" " ind2=" " tag="010"><subfield code="a">  2004260416</subfield></datafield><datafield ind1=" " ind2=" " tag="040"><subfield code="a">ORU</subfield><subfield code="b">eng</subfield><subfield code="c">ORU</subfield><subfield code="d">OCLCQ</subfield><subfield code="d">OCLCF</subfield><subfield code="d">OCLCO</subfield></datafield><datafield ind1="1" ind2=" " tag="029"><subfield code="a">AU@</subfield><subfield code="b">000026302906</subfield></datafield><datafield ind1=" " ind2=" " tag="042"><subfield code="a">pcc</subfield></datafield><datafield ind1=" " ind2=" " tag="043"><subfield code="a">n-us-or</subfield></datafield><datafield ind1="0" ind2="4" tag="245"><subfield code="a">The Sentinel-mist.</subfield></datafield><datafield ind1=" " ind2=" " tag="260"><subfield code="a">St. Helens, Or. :</subfield><subfield code="b">Mist Pub. Co.,</subfield><subfield code="c">1959-1968.</subfield></datafield><datafield ind1=" " ind2=" " tag="300"><subfield code="a">9 v. :</subfield><subfield code="b">ill.</subfield></datafield><datafield ind1=" " ind2=" " tag="310"><subfield code="a">Semiweekly</subfield></datafield><datafield ind1="0" ind2=" " tag="362"><subfield code="a">Vol. 77, no. 92 (Nov. 16, 1959)-85th year, 52nd issue (June 27, 1968).</subfield></datafield><datafield ind1=" " ind2=" " tag="515"><subfield code="a">Vol. designation changed from vol. and no. to year and issue with July 11, 1963 issue.</subfield></datafield><datafield ind1=" " ind2=" " tag="530"><subfield code="a">Also issued on microfilm from University of Oregon.</subfield></datafield><datafield ind1=" " ind2=" " tag="580"><subfield code="a">Merged with: The St. Helens chronicle, to form: The Sentinel-mist chronicle.</subfield></datafield><datafield ind1=" " ind2="0" tag="651"><subfield code="a">Saint Helens (Or.)</subfield><subfield code="v">Newspapers.</subfield></datafield><datafield ind1=" " ind2="7" tag="655"><subfield code="a">Newspapers.</subfield><subfield code="2">fast</subfield><subfield code="0">(OCoLC)fst01423814</subfield></datafield><datafield ind1=" " ind2="7" tag="651"><subfield code="a">Oregon</subfield><subfield code="z">Saint Helens.</subfield><subfield code="2">fast</subfield><subfield code="0">(OCoLC)fst01221362</subfield></datafield><datafield ind1=" " ind2=" " tag="752"><subfield code="a">United States</subfield><subfield code="b">Oregon</subfield><subfield code="c">Columbia</subfield><subfield code="d">St. Helens.</subfield></datafield><datafield ind1="0" ind2="0" tag="780"><subfield code="t">St. Helens sentinel-mist</subfield><subfield code="w">(DLC)  2004260418</subfield><subfield code="w">(OCoLC)56748205</subfield></datafield><datafield ind1="1" ind2="7" tag="785"><subfield code="t">St. Helens chronicle</subfield><subfield code="w">(DLC)  2004260417</subfield><subfield code="w">(OCoLC)56748578</subfield></datafield><datafield ind1="1" ind2="7" tag="785"><subfield code="t">Sentinel-mist chronicle</subfield><subfield code="w">(DLC)  2004260414</subfield><subfield code="w">(OCoLC)56748695</subfield></datafield></record>